%% This BibTeX bibliography file was created using BibDesk.
%% http://bibdesk.sourceforge.net/


%% Created at 2014-06-05 15:24:10 -0400 


%% Saved with string encoding Unicode (UTF-8) 



@book{Ramo01a,
	Address = {Leipzig},
	Author = {Ram\'on y Cajal, Santiago},
	Publisher = {J. A. Barth},
	Title = {Studien uber die {H}irnrinde des {M}enschen},
	Year = {1901}}

@article{ScovMiln57a,
	Author = {Scoville, W B and Milner, B},
	Journal = {J Neurol Neurosurg Psychiatry},
	Number = {1},
	Pages = {11--21},
	Title = {Loss of recent memory after bilateral hippocampal lesions.},
	Volume = {20},
	Year = {1957}}

@article{Vand69a,
	Author = {Vanderwolf, C H},
	Journal = {Electroencephalogr Clin Neurophysiol},
	Number = {4},
	Pages = {407--18},
	Title = {Hippocampal electrical activity and voluntary movement in the rat},
	Volume = {26},
	Year = {1969}}

@article{Marr71a,
	Author = {Marr, D},
	Journal = {Philos Trans R Soc Lond B Biol Sci},
	Number = {841},
	Pages = {23--81},
	Title = {Simple memory: a theory for archicortex},
	Volume = {262},
	Year = {1971}}
